%Dimplomova prace
%Author: Jakub Bartecek
%Year: 2013/2014
%Coding: UTF-8

@BOOK{jenkinsBook,
    title = "Jenkins: The Definite Guide",
    author = "John Ferguson Smart",
    publisher = "O'Reily Media, Inc.",
    year = "2011",
    ISBN = "978-1-449-30535-2",
    key = "a1",
}

@MISC{jenkinsWeb,
  title =        "Webové stránky serveru Jenkins CI [online]",
  howpublished=  "{\tt http://jenkins-ci.org/ }",
  key = "z1",
}

@MISC{winstoneWeb,
  title =        "Winstone servlet container [online]",
  author = "Rick Knowles",
  year = "cit.~2014-01-09",
  howpublished=  "{\tt http://winstone.sourceforge.net/ }",
  key = "z4",
}

@MISC{jettyWeb,
  title =        "Webové stránky serveru Jetty [online]",
  howpublished=  "{\tt http://www.eclipse.org/jetty/ }",
  key = "z3",
}

@MISC{mavenWeb,
  title =        "Webové stránky nástroje Maven [online]",
  howpublished=  "{\tt http://maven.apache.org/what-is-maven.html }",
  key = "z5",
}

@MISC{undertowWeb,
    title = "Webové stránky serveru Undertow [online]",
    howpublished=  "{\tt http://undertow.io/ }",
    key = "z2",
}

@MISC{webserverVsServletPage,
    title = "What is a Servlet Container? [online]",
    author = "Ryan Wang",
    year =  "2013-01-05 [cit.~2014-01-02]",
    howpublished = "{\tt http://java.dzone.com/articles/what-servlet-container}",
    key = "d2",
}

@MISC{jenkinsServers,
    title = "Containers -- Jenkins -- Jenkins Wiki",
    author = "Kohsuke Kawaguchi",
    year = "2011-02-03 [cit.~2014-01-06]",
    howpublished = "{\tt https://wiki.jenkins-ci.org/display/JENKINS/Containers }",
}

@MISC{jenkinsGovernance,
    title = "Governanace Document -- Jenkins -- Jenkins Wiki",
    author = "Kohsuke Kawaguchi",
    year = "2012-03-21 [cit.~2014-01-09]",
    howpublished = "{\tt https://wiki.jenkins-ci.org/display/JENKINS/Governance+Document }",
}


%Vzorove
@BOOK{Pravidla,
  author =       "{Kolektiv autorů}",
  title =        "Pravidla českého pravopisu",
  publisher =    "Academia",
  year =         "2005",
  note =         "ISBN~80-200-1327-X",
}

@BOOK{Knuth,
  author =       "Donald E. Knuth",
  title =        "The {\TeX}book",
  publisher =    "Addison-Wesley Publishing Company",
  year =         "1996",
  note =         "ISBN~0-201-13447-0",
}

@BOOK{Rybicka,
  author =       "Jiří Rybička",
  title =        "{\LaTeX} pro začátečníky",
  publisher =    "Konvoj",
  year =         "1999",
  note =         "ISBN~80-85615-77-0",
}

@BOOK{Olsak,
  author =       "Petr Olšák",
  title =        "{\TeX}book naruby",
  publisher =    "Konvoj",
  year =         "2001",
  note =         "ISBN~80-7302-0007-6",
}

@BOOK{Eikh,
  author =       "Victor Eikhout",
  title =        "{\TeX}by Topics, a {\TeX}nitian's Reference ",
  publisher =    "Addison-Wesley UK",
  year =         "2001",
  note =         "ISBN~0-201-56882-9",
}

@MISC{cstugWeb,
  author =       "{WWW stránky}",  
  title =        "Československé sdružení uživatelů {\TeX}u",
  howpublished=  "{\tt http://www.cstug.cz}",
}

@MISC{fitWeb,
  author =       "Z. Rábová and P. Hanáček and P. Peringer and P. Přikryl and B. Křena",  
  title =        "Užitečné rady pro psaní odborného textu [online]",
  publisher =    "FIT VUT v Brně",
  year =         "2008-11-01 [cit. 2008-11-28]",
  howpublished=  "{\tt http://www.fit.vutbr.cz/info/statnice/psani\_textu.html}",
}
